<?xml version="1.0" encoding="UTF-8"?><record xmlns="http://www.loc.gov/MARC21/slim" xmlns:cinclude="http://apache.org/cocoon/include/1.0" xmlns:zs="http://www.loc.gov/zing/srw/">
  <leader>00747cz  a2200181n  4500</leader>
  <controlfield tag="001">n  87852767 </controlfield>
  <controlfield tag="003">DLC</controlfield>
  <controlfield tag="005">20080823075902.0</controlfield>
  <controlfield tag="008">870805n| acannaabn          |b aaa      </controlfield>
  <datafield tag="010" ind1=" " ind2=" ">
    <subfield code="a">n  87852767 </subfield>
  </datafield>
  <datafield tag="035" ind1=" " ind2=" ">
    <subfield code="a">(OCoLC)oca01911164</subfield>
  </datafield>
  <datafield tag="040" ind1=" " ind2=" ">
    <subfield code="a">DLC</subfield>
    <subfield code="b">eng</subfield>
    <subfield code="c">DLC</subfield>
    <subfield code="d">DLC-R</subfield>
    <subfield code="d">OCoLC</subfield>
  </datafield>
  <datafield tag="100" ind1="1" ind2=" ">
    <subfield code="a">Im, Chʻae-hong,</subfield>
    <subfield code="d">1933-</subfield>
  </datafield>
  <datafield tag="400" ind1="1" ind2=" ">
    <subfield code="a">林采洪,</subfield>
    <subfield code="d">1933-</subfield>
  </datafield>
  <datafield tag="667" ind1=" " ind2=" ">
    <subfield code="a">Machine-derived non-Latin script reference project.</subfield>
  </datafield>
  <datafield tag="667" ind1=" " ind2=" ">
    <subfield code="a">Non-Latin script reference not evaluated.</subfield>
  </datafield>
  <datafield tag="670" ind1=" " ind2=" ">
    <subfield code="a">His Hoesa chŏngnipŏp kaesŏl, 1985:</subfield>
    <subfield code="b">t.p. (Im Chʻae-hong) colophon (grad., Sŏul Taehakkyo Pŏpkwa Taehak in 1956; lawyer, Kyŏnggi Haptong Pŏmnyul Samuso)</subfield>
  </datafield>
  <datafield tag="670" ind1=" " ind2=" ">
    <subfield code="a">Hanʼguk pŏpchoin taegwan, 1990</subfield>
    <subfield code="b">(Im Chʻae-hong; b. May 3, 1933 in Kyŏngbuk Yŏngil)</subfield>
  </datafield>
</record>